@book{razavi2011rf,
  title={RF Microelectronics},
  author={Razavi, B.},
  isbn={9780132901055},
  series={Prentice Hall International Series in the Physical and Chemical Engineering Sciences},
  year={2011},
  publisher={Pearson Education}
}
