@article{markovic,
  author    = {Chia-Hsiang Yang and Tsung-Han Yu and and Dejan Marković},
  title     = {Power and Area Minimization of Reconﬁgurable FFT Processors: A {3GPP}-{LTE} Example},
  journal   = {Ieee Journal of Solid-State Circuits},
  volume    = 47,
  number    = 3,
  month     = mar,
  year      = 2012
}

@article{lin,
  author    = {Y.-T. Lin and P.-Y. Tsai and T.-D. Chiueh},
  title     = {Low-power variable-length fast Fourier transform processor},
  journal   = {IEE Proc.-Comput. Digit. Tech.},
  volume    = 152,
  number    = 4,
  month     = jul,
  year      = 2005
}

@book{oppenheim,
  author    = {Alan V. Oppenheim and Ronald W. Schafer},
  title     = {Discrete-Time Signal Processing},
  publisher = {Pearson},
  year      = 2010
}  

@book{chiueh,
  author    = {Tzi-Dar Chiueh and Pei-Yun Tsai},
  title     = {{OFDM} Baseband Receiver Design for Wireless Communications},
  publisher = {John Wiley and Sons (Asia) Pte Ltd},
  year      = 2007
}  

@conference{torkelson,
  author    = {Shousheng He and Mats Torkelson},
  title     = {Designing Pipeline {FFT} Processor for {OFDM} (de)Modulation},
  booktitle = {URSI International Symposium on Signals, Systems, and Electronics},
  year      = 1998
}  

@article{burrus,
  author    = {C. Sidney Burrus},
  title     = {Index Mappings for Multidimensional Formulation of the {DFT} and Convolution},
  journal   = {Ieee Transactions on Acoustics, Speech and Signal Processcing},
  volume    = {ASSP-25},
  month     = jun,
  year      = 1977
}  

@article{puschel,
  author    = {Peter A. Milder and Franz Franchetti and James C. Hoe and Markus P{\"u}schel},
  title     = {Computer Generation of Hardware for Linear Digital Signal Processing Transforms},
  journal   = {ACM Transactions on Design Automation of Electronic Systems},
  volume    = {17},
  number    = {2},
  year      = {2012}
}

@article{req-ack,
  author    = {Simon {H\" ane} and David Perels},
  title     = {Req-Ack Protocol for Data Exchange},
  month     = oct,
  year      = {2004}
}

@online{dvb,
  title = {The Digital Video Broadcasting Standart},
  url = {http://www.dvb.org}
}

@book{clellan,
  author    = {J. H. McClellan and C. M. Rader},
  title     = {Number Theory in Digital Signal Processing},
  publisher = {Prentical-Hall, Englewood Cliffs},
  year      = 1979
}  
